<?xml version="1.0" encoding="UTF-8"?><collection xmlns="http://www.loc.gov/MARC21/slim"><record><leader>00352nam--2200121-i-4500</leader><controlfield tag="001">000048618</controlfield><controlfield tag="002">20161230</controlfield><controlfield tag="005">20161230201047</controlfield><controlfield tag="008">060222s1000------------r-----000-0-eng-d</controlfield><datafield ind1=" " ind2=" " tag="100"><subfield code="a">Agadianov,A.M</subfield></datafield><datafield ind1=" " ind2=" " tag="245"><subfield code="a">Gidrogeologia i gidravlika podzemnyh vod i nefti. vtoroe ispravlennoe i dop.izdanie</subfield></datafield><datafield ind1=" " ind2=" " tag="260"><subfield code="a">Moskva, Gostoptexizdat, 1950. 280 S</subfield></datafield><datafield ind1=" " ind2=" " tag="852"><subfield code="a">2582</subfield></datafield></record></collection>